<record><leader>00000cas a22000007a 4500</leader><controlfield tag="001">13858395</controlfield><controlfield tag="008">860711d18981906njuwr ne      0    0eng d</controlfield><datafield ind1=" " ind2=" " tag="010"><subfield code="a">sn 86077196 </subfield></datafield><datafield ind1=" " ind2=" " tag="040"><subfield code="a">NPA</subfield><subfield code="b">eng</subfield><subfield code="c">NPA</subfield><subfield code="d">NJW</subfield><subfield code="d">MFN</subfield><subfield code="d">OCLCQ</subfield></datafield><datafield ind1=" " ind2=" " tag="042"><subfield code="a">msc</subfield></datafield><datafield ind1=" " ind2="4" tag="050"><subfield code="a">HD8055.N4</subfield><subfield code="b">P31</subfield></datafield><datafield ind1="0" ind2=" " tag="130"><subfield code="a">National labor standard (Paterson, N.J. : Weekly)</subfield></datafield><datafield ind1="1" ind2="4" tag="245"><subfield code="a">The national labor standard.</subfield></datafield><datafield ind1=" " ind2=" " tag="260"><subfield code="a">Paterson, N.J. :</subfield><subfield code="b">National Labor Standard Pub. Co.</subfield></datafield><datafield ind1=" " ind2=" " tag="300"><subfield code="a">v.</subfield></datafield><datafield ind1=" " ind2=" " tag="310"><subfield code="a">Weekly</subfield></datafield><datafield ind1="0" ind2=" " tag="362"><subfield code="a">Vol. 29, no. 14 (Oct. 27, 1898)-</subfield></datafield><datafield ind1="1" ind2=" " tag="362"><subfield code="a">Ceased in 1906?</subfield></datafield><datafield ind1=" " ind2=" " tag="515"><subfield code="a">Continues the numbering of: Paterson labor standard.</subfield></datafield><datafield ind1=" " ind2=" " tag="752"><subfield code="a">United States</subfield><subfield code="b">New Jersey</subfield><subfield code="c">Passaic</subfield><subfield code="d">Paterson.</subfield></datafield><datafield ind1="0" ind2="4" tag="780"><subfield code="t">Paterson labor standard</subfield><subfield code="w">(DLC)sn 86077194</subfield><subfield code="w">(OCoLC)13858387</subfield></datafield><datafield ind1="0" ind2="4" tag="780"><subfield code="t">National labor standard (Paterson, N.J. : Monthly)</subfield><subfield code="w">(DLC)sn 86077195</subfield><subfield code="w">(OCoLC)13858393</subfield></datafield><datafield ind1="0" ind2="0" tag="785"><subfield code="t">Paterson telegram and national labor standard</subfield></datafield></record>